@report{laney01,
	author = {Laney, Douglas},
	title = {3D Data Management: Controlling Data Volume, Velocity and Variety},
	institution= {Gartner},
	month = {February},
	year = {2001},
	type = {}
}

@article{berkhin06,
  author = {Berkhin, Pavel},
  description = {Survey of Clustering Data Mining Techniques},
  journal = {Grouping Multidimensional Data},
  pages = {25--71},
  title = {A Survey of Clustering Data Mining Techniques},
  year = 2006
}


@inproceedings{Beyer99,
    author = {Kevin Beyer and Jonathan Goldstein and Raghu Ramakrishnan and Uri Shaft},
    title = {When Is "Nearest Neighbor" Meaningful?},
    booktitle = {In Int. Conf. on Database Theory},
    year = {1999},
    pages = {217--235}
}

@incollection{Aggarwal01,
year={2001},
booktitle={Database Theory - ICDT 2001},
volume={1973},
title={On the Surprising Behavior of Distance Metrics in High Dimensional Space},
publisher={Springer Berlin Heidelberg},
author={ Charu C. Aggarwal and Alexander Hinneburg and Daniel A. Keim},
pages={420--434}
}

@article{Strehl03,
 author = {Strehl, Alexander and Ghosh, Joydeep},
 title = {Cluster Ensembles --- a Knowledge Reuse Framework for Combining Multiple Partitions},
 journal = {J. Mach. Learn. Res.},
 issue_date = {3/1/2003},
 month = mar,
 year = {2003},
 issn = {1532-4435},
 pages = {583--617},
 numpages = {35}
}
@article{foo,
    author  = "	Kevin S. Beyer and Jonathan Goldstein and Raghu Ramakrishnan and Uri Shaft",
    title   = "When Is ''Nearest Neighbor'' Meaningful?",
    year    = "1999",
    journal = "ICDT '99 Proceedings of the 7th International Conference on Database Theory",
    volume  = "14",
    number  = "3",
    pages   = "342--351"
}